@manual{sample,
  author = {TU Dortmund},
  title = {Versuch zum Literaturverzeichnis},
  year = 2014
}

@Manual{US1,
  author = {TU Dortmund},
  title = {Ultraschall 1: Grundlagen der Ultraschalltechnik},
  url = {http://129.217.224.2/HOMEPAGE/PHYSIKER/BACHELOR/AP/SKRIPT/UltraschallGL.pdf},
  urldate = {2015-03-29}
}

@Manual{V27,
  author = {TU Dortmund},
  title = {Versuch 27: Der Zeeman-Effekt},
  url = {http://129.217.224.2/HOMEPAGE/PHYSIKER/BACHELOR/FP/SKRIPT/V27.pdf},
  urldate = {2016-05-04}
}

@Manual{V41,
  author = {TU Dortmund},
  title = {Versuch 41: Debye-Scherrer Aufnahmen},
  url = {http://129.217.224.2/HOMEPAGE/PHYSIKER/BACHELOR/FP/SKRIPT/V41.pdf},
  urldate = {2016-07-08}
}

@Manual{V47,
  author = {TU Dortmund},
  title = {Versuch 47: Temperaturabhängigkeit der Molwärme von Festkörpern},
  url = {http://129.217.224.2/HOMEPAGE/PHYSIKER/BACHELOR/FP/SKRIPT/V47.pdf},
  urldate = {2016-05-18}
}

@Manual{V53,
  author = {TU Dortmund},
  title = {Versuch 53: Experimente mit Mikrowellen},
  url = {http://129.217.224.2/HOMEPAGE/PHYSIKER/BACHELOR/FP/SKRIPT/AnlMikrowelle.pdf},
  urldate = {2016-02-24}
}

@Manual{V401,
  author = {TU Dortmund},
  title = {Versuch 401: Das Michelson-Interferometer},
  url = {http://129.217.224.2/HOMEPAGE/PHYSIKER/BACHELOR/AP/SKRIPT/V401.pdf},
  urldate = {2015-06-16}
}

@Manual{V408,
  author = {TU Dortmund},
  title = {Versuch 408: Geometrische Optik},
  url = {http://129.217.224.2/HOMEPAGE/PHYSIKER/BACHELOR/AP/SKRIPT/V408.pdf},
  urldate = {2015-04-05}
}

@Manual{V500,
  author = {TU Dortmund},
  title = {Versuch 500: Der Photoeffekt},
  url = {http://129.217.224.2/HOMEPAGE/PHYSIKER/BACHELOR/AP/SKRIPT/V500.pdf},
  urldate = {2015-03-26}
}

@Manual{V503,
  author = {TU Dortmund},
  title = {Versuch 503: Der Millikan-Öltröpfchenversuch},
  url = {http://129.217.224.2/HOMEPAGE/PHYSIKER/BACHELOR/AP/SKRIPT/Millikan.pdf},
  urldate = {2015-04-18}
}

@Manual{V601,
  author = {TU Dortmund},
  title = {Versuch 601: Der Franck-Hertz-Versuch},
  url = {http://129.217.224.2/HOMEPAGE/PHYSIKER/BACHELOR/AP/SKRIPT/V601.pdf},
  urldate = {2015-03-31}
}

@Manual{V605,
  author = {TU Dortmund},
  title = {Versuch 605: Die Alkali-Spektrum},
  url = {http://129.217.224.2/HOMEPAGE/PHYSIKER/BACHELOR/AP/SKRIPT/V605.pdf},
  urldate = {2015-05-11}
}

@Manual{V702,
  author = {TU Dortmund},
  title = {Versuch 702: Aktivierung mit Neutronen},
  url = {http://129.217.224.2/HOMEPAGE/PHYSIKER/BACHELOR/AP/SKRIPT/V702.pdf},
  urldate = {2015-03-28}
}

@Manual{V704,
  author = {TU Dortmund},
  title = {Versuch 704: Absorption von beta- und gamma-Strahlung},
  url = {http://129.217.224.2/HOMEPAGE/PHYSIKER/BACHELOR/AP/SKRIPT/V704.pdf},
  urldate = {2015-05-28}
}

@book{griffiths,
  author = {David J. Griffiths},
  title = {Quantenmechanik},
  publisher = {Pearson},
  year = {2012},
  page = {-1},
}

@book{kittel,
  author = {Charles Kittel},
  title = {Introduction to Solid State Physics},
  publisher = {Wiley},
  year = {2004},
}

@book{Bergmann_Schäfer,
  author = {Bergmann \& Schäfer},
  title = {Lehrbuch der Experimentalphysik, Bd. 4: Bestandteile der Materie},
  publisher = {de Gruyter},
  year = {2003},
}

@UNPUBLISHED{CODATA,
    AUTHOR = "{NIST} ",
    TITLE = "{CODATA} values online",
    NOTE = "http://physics.nist.gov/constants",
    year = "2015",
}

@Manual{FRANCK,
  author = {J. Franck \& G. Hertz},
  title = {Über Zusammenstöße zwischen Elektronen und den Molekülen des Quecksilberdampfes und die Ionisierungsspannung desselben},
  url = {http://www.leifiphysik.de/themenbereiche/atomarer-energieaustausch/auszuge-aus-der-originalarbeit-von-franck-und-hertz-1914},
  urldate = {2015-05-09}
}

@Manual{Hg,
  author = {Andy Hoppe},
  title = {Quecksilber},
  url = {http://www.periodensystem.info/elemente/quecksilber/},
  urldate = {2015-05-09}
}

@Manual{schall,
  author = {Prof. Dr. Henning Solwitsch},
  title = {Physik für Studierende der Medizin},
  url = {http://www.ep5.rub.de/ag/med/VL_23.pdf},
  urldate = {2015-05-18}
}

@book{physiologie,
  author = {Robert F. Schmidt \& Florian Lang \& Manfred Heckmann},
  title = {Physiologie des Menschen},
  publisher = {Springer Verlag},
  year = {2007},
}

@Manual{pso,
    AUTHOR = {René Rausch},
    TITLE = {Das Periodensystem der Elemente online},
    url = {http://periodensystem-online.de},
    urldate = {2015-06-03},
}

@article{nco2,
  author = {A.C: Simmons},
  title = {The Refractive index and Lorentz-Lorenz Functions of propane, nitrogen and carbon-dioxide in the spectral range 15803-22002 1/cm and at 9441/cm},
  journal = {OPTICS COMMUNICATIONS},
  year = {1978},
}

@article{nair,
  author = {Philip E. Ciddor},
  title = {Refractive Index of air: new equations for the visible and near infrared},
  journal = {APPLIED OPTICS},
  year = {1996},
}
@Manual{laser,
    AUTHOR = {Spektrum.de},
    TITLE = {Der Helium-Neon-Laser},
    url = {http://www.spektrum.de/lexikon/physik/helium-neon-laser/6579},
    urldate = {2015-06-30},
}
