@Manual{V01,
  author  = {TU Dortmund},
  title   = {Versuch 01: Lebensdauer von Myonen},
  url     = {http://129.217.224.2/HOMEPAGE/PHYSIKER/MASTER/SKRIPT/V01.pdf},
  urldate = {2016-10-25}
}

@Manual{VM14,
  author  = {TU Dortmund},
  title   = {Versuch M14: Tomographie mittels $\gamma$-Strahlung},
  url     = {http://129.217.224.2/HOMEPAGE/PHYSIKER/MASTER/SKRIPT/MTomographie.pdf},
  urldate = {2017-11-27}
}

@Manual{V21,
  author  = {TU Dortmund},
  title   = {Versuch 21: Optisches Pumpen},
  url     = {http://129.217.224.2/HOMEPAGE/PHYSIKER/MASTER/SKRIPT/V21n_TeachSpin_new.pdf},
  urldate = {2017-03-20}
}

@Manual{V27,
  author  = {TU Dortmund},
  title   = {Versuch 27: Der Zeeman-Effekt},
  url     = {http://129.217.224.2/HOMEPAGE/PHYSIKER/BACHELOR/FP/SKRIPT/V27.pdf},
  urldate = {2016-05-04}
}

@Manual{V41,
  author  = {TU Dortmund},
  title   = {Versuch 41: Debye-Scherrer Aufnahmen},
  url     = {http://129.217.224.2/HOMEPAGE/PHYSIKER/BACHELOR/FP/SKRIPT/V41.pdf},
  urldate = {2016-07-08}
}

@Manual{V47,
  author  = {TU Dortmund},
  title   = {Versuch 47: Temperaturabhängigkeit der Molwärme von Festkörpern},
  url     = {http://129.217.224.2/HOMEPAGE/PHYSIKER/BACHELOR/FP/SKRIPT/V47.pdf},
  urldate = {2016-05-18}
}

@Manual{V53,
  author  = {TU Dortmund},
  title   = {Versuch 53: Experimente mit Mikrowellen},
  url     = {http://129.217.224.2/HOMEPAGE/PHYSIKER/BACHELOR/FP/SKRIPT/AnlMikrowelle.pdf},
  urldate = {2016-02-24}
}

@Manual{V57,
  author  = {TU Dortmund},
  title   = {Versuch 57: Elektrische Schwankungserscheinungen},
  url     = {http://129.217.224.2/HOMEPAGE/PHYSIKER/MASTER/SKRIPT/V57.pdf},
  urldate = {2017-01-04}
}

@Manual{V61,
  author  = {TU Dortmund},
  title   = {Versuch 61: Der HeNe-Laser},
  url     = {http://129.217.224.2/HOMEPAGE/PHYSIKER/BACHELOR/FP/SKRIPT/V61.pdf},
  urldate = {2016-08-15}
}

@Manual{V64,
  author  = {TU Dortmund},
  title   = {Versuch 64: Moderne Interferometrie},
  url     = {http://129.217.224.2/HOMEPAGE/PHYSIKER/MASTER/SKRIPT/Interferometrie.pdf},
  urldate = {2017-05-09}
}

@Manual{V401,
  author  = {TU Dortmund},
  title   = {Versuch 401: Das Michelson-Interferometer},
  url     = {http://129.217.224.2/HOMEPAGE/PHYSIKER/BACHELOR/AP/SKRIPT/V401.pdf},
  urldate = {2015-06-16}
}

@Manual{V408,
  author  = {TU Dortmund},
  title   = {Versuch 408: Geometrische Optik},
  url     = {http://129.217.224.2/HOMEPAGE/PHYSIKER/BACHELOR/AP/SKRIPT/V408.pdf},
  urldate = {2015-04-05}
}

@Manual{V500,
  author  = {TU Dortmund},
  title   = {Versuch 500: Der Photoeffekt},
  url     = {http://129.217.224.2/HOMEPAGE/PHYSIKER/BACHELOR/AP/SKRIPT/V500.pdf},
  urldate = {2015-03-26}
}

@Manual{V503,
  author  = {TU Dortmund},
  title   = {Versuch 503: Der Millikan-Öltröpfchenversuch},
  url     = {http://129.217.224.2/HOMEPAGE/PHYSIKER/BACHELOR/AP/SKRIPT/Millikan.pdf},
  urldate = {2015-04-18}
}

@Manual{V601,
  author  = {TU Dortmund},
  title   = {Versuch 601: Der Franck-Hertz-Versuch},
  url     = {http://129.217.224.2/HOMEPAGE/PHYSIKER/BACHELOR/AP/SKRIPT/V601.pdf},
  urldate = {2015-03-31}
}

@Manual{V605,
  author  = {TU Dortmund},
  title   = {Versuch 605: Die Alkali-Spektrum},
  url     = {http://129.217.224.2/HOMEPAGE/PHYSIKER/BACHELOR/AP/SKRIPT/V605.pdf},
  urldate = {2015-05-11}
}

@Manual{V702,
  author  = {TU Dortmund},
  title   = {Versuch 702: Aktivierung mit Neutronen},
  url     = {http://129.217.224.2/HOMEPAGE/PHYSIKER/BACHELOR/AP/SKRIPT/V702.pdf},
  urldate = {2015-03-28}
}

@Manual{V704,
  author  = {TU Dortmund},
  title   = {Versuch 704: Absorption von beta- und gamma-Strahlung},
  url     = {http://129.217.224.2/HOMEPAGE/PHYSIKER/BACHELOR/AP/SKRIPT/V704.pdf},
  urldate = {2015-05-28}
}

@Manual{US1,
author  = {TU Dortmund},
title   = {Ultraschall 1: Grundlagen der Ultraschalltechnik},
url     = {http://129.217.224.2/HOMEPAGE/PHYSIKER/BACHELOR/AP/SKRIPT/UltraschallGL.pdf},
urldate = {2015-03-29}
}
