@article{numpy,
  author = {Travis E. Oliphant},
  title = {Python for Scientific Computing},
  publisher = {IEEE},
  year = {2007},
  journal = {Computing in Science \& Engineering},
  volume = {9},
  number = {3},
  pages = {10-20},
  url = {http://link.aip.org/link/?CSX/9/10/1},
  addendum = {Version 1.8.1}
}

@Misc{scipy,
  author = {Eric Jones and Travis Oliphant and Pearu Peterson and others},
  title = {{SciPy}: Open source scientific tools for {Python}},
  year = {2001},
  url = {http://www.scipy.org/},
  addendum = {Version 0.14.0}
}

@article{matplotlib,
  author = {John D. Hunter},
  title = {Matplotlib: A 2D Graphics Environment},
  publisher = {IEEE},
  year = {2007},
  journal = {Computing in Science \& Engineering},
  volume = {9},
  number = {3},
  pages = {90-95},
  url = {http://link.aip.org/link/?CSX/9/90/1},
  addendum = {Version 1.3.1}
}

@Misc{mathematica,
  author = {Wolfram Research, Inc.},
  publisher = {Wolfram Research Inc., Champaign Illinois},
  title = {Mathematica},
  addendum = {Version 10.3},
  year = {2015}
}
